<record><leader>00000cas a2200000 a 4500</leader><controlfield tag="001">10174296</controlfield><controlfield tag="008">831130d18131818pauwr ne      0    0eng c</controlfield><datafield ind1=" " ind2=" " tag="010"><subfield code="a">sn 83025976 </subfield></datafield><datafield ind1=" " ind2=" " tag="040"><subfield code="a">NPV</subfield><subfield code="b">eng</subfield><subfield code="c">NPV</subfield><subfield code="d">NPU</subfield><subfield code="d">NPV</subfield><subfield code="d">NPU</subfield><subfield code="d">NPH</subfield><subfield code="d">DLC</subfield><subfield code="d">NPX</subfield><subfield code="d">NJW</subfield><subfield code="d">MFN</subfield><subfield code="d">KNP</subfield><subfield code="d">CNK</subfield><subfield code="d">OCL</subfield><subfield code="d">NYS</subfield><subfield code="d">BUF</subfield><subfield code="d">OCLCQ</subfield><subfield code="d">OCLCF</subfield><subfield code="d">OCLCO</subfield></datafield><datafield ind1="1" ind2=" " tag="029"><subfield code="a">AU@</subfield><subfield code="b">000020125597</subfield></datafield><datafield ind1=" " ind2=" " tag="042"><subfield code="a">pcc</subfield></datafield><datafield ind1=" " ind2=" " tag="043"><subfield code="a">n-us-pa</subfield></datafield><datafield ind1=" " ind2=" " tag="045"><subfield code="a">w1w1</subfield></datafield><datafield ind1="0" ind2="0" tag="050"><subfield code="a">Newspaper 9375-X</subfield></datafield><datafield ind1="1" ind2="4" tag="050"><subfield code="a">AN286</subfield><subfield code="b">.C34</subfield></datafield><datafield ind1=" " ind2=" " tag="052"><subfield code="a">3823</subfield><subfield code="b">D3</subfield></datafield><datafield ind1="0" ind2="4" tag="245"><subfield code="a">The chronicle, or, Harrisburgh visitor.</subfield></datafield><datafield ind1="3" ind2="0" tag="246"><subfield code="a">Harrisburgh visitor</subfield></datafield><datafield ind1=" " ind2=" " tag="260"><subfield code="a">Harrisburgh, Pa. :</subfield><subfield code="b">William Gillmor,</subfield><subfield code="c">1813-1818.</subfield></datafield><datafield ind1=" " ind2=" " tag="300"><subfield code="a">v.</subfield></datafield><datafield ind1=" " ind2=" " tag="310"><subfield code="a">Weekly</subfield></datafield><datafield ind1="0" ind2=" " tag="362"><subfield code="a">Vol. 1, no. 1 (May 31, 1813)-v. 6, no. 12 (Aug. 17, 1818).</subfield></datafield><datafield ind1=" " ind2=" " tag="500"><subfield code="a">Motto: "Aware that what is base no polish can make sterling."</subfield></datafield><datafield ind1=" " ind2=" " tag="530"><subfield code="a">Available on microfilm from the Readex Microprint Corp. as part of the Early American newspapers series.</subfield></datafield><datafield ind1=" " ind2="0" tag="651"><subfield code="a">Harrisburg (Pa.)</subfield><subfield code="v">Newspapers.</subfield></datafield><datafield ind1=" " ind2="0" tag="651"><subfield code="a">Dauphin County (Pa.)</subfield><subfield code="v">Newspapers.</subfield></datafield><datafield ind1=" " ind2="7" tag="655"><subfield code="a">Newspapers.</subfield><subfield code="2">fast</subfield><subfield code="0">(OCoLC)fst01423814</subfield></datafield><datafield ind1=" " ind2="7" tag="651"><subfield code="a">Pennsylvania</subfield><subfield code="z">Dauphin County.</subfield><subfield code="2">fast</subfield><subfield code="0">(OCoLC)fst01212397</subfield></datafield><datafield ind1=" " ind2="7" tag="651"><subfield code="a">Pennsylvania</subfield><subfield code="z">Harrisburg.</subfield><subfield code="2">fast</subfield><subfield code="0">(OCoLC)fst01204725</subfield></datafield><datafield ind1=" " ind2=" " tag="752"><subfield code="a">United States</subfield><subfield code="b">Pennsylvania</subfield><subfield code="c">Dauphin</subfield><subfield code="d">Harrisburg.</subfield></datafield><datafield ind1="0" ind2="0" tag="785"><subfield code="t">Chronicle, and Harrisburg advertiser</subfield><subfield code="w">(DLC)sn 83025989</subfield><subfield code="w">(OCoLC)10239079</subfield></datafield></record>